<?xml version="1.0" encoding="UTF-8"?>
  <record xmlns="http://www.loc.gov/MARC21/slim" type="Authority">
    <leader>00000nz  a2200000nc 4500</leader>
    <controlfield tag="001">102324115</controlfield>
    <controlfield tag="003">DE-101</controlfield>
    <controlfield tag="005">20180226180557.0</controlfield>
    <controlfield tag="008">920624n||azznnaabn           | aaa    |c</controlfield>
    <datafield tag="024" ind1="7" ind2=" ">
      <subfield code="a">102324115</subfield>
      <subfield code="0">http://d-nb.info/gnd/102324115</subfield>
      <subfield code="2">gnd</subfield>
    </datafield>
    <datafield tag="035" ind1=" " ind2=" ">
      <subfield code="a">(DE-101)102324115</subfield>
    </datafield>
    <datafield tag="035" ind1=" " ind2=" ">
      <subfield code="a">(DE-588)102324115</subfield>
    </datafield>
    <datafield tag="035" ind1=" " ind2=" ">
      <subfield code="z">(DE-588)1089498888</subfield>
    </datafield>
    <datafield tag="035" ind1=" " ind2=" ">
      <subfield code="z">(DE-588a)102324115</subfield>
      <subfield code="9">v:zg</subfield>
    </datafield>
    <datafield tag="035" ind1=" " ind2=" ">
      <subfield code="z">(DE-588c)7722594-6</subfield>
      <subfield code="9">v:zg</subfield>
    </datafield>
    <datafield tag="040" ind1=" " ind2=" ">
      <subfield code="a">DE-7</subfield>
      <subfield code="c">DE-7</subfield>
      <subfield code="9">r:DE-601</subfield>
      <subfield code="b">ger</subfield>
      <subfield code="d">1030</subfield>
    </datafield>
    <datafield tag="042" ind1=" " ind2=" ">
      <subfield code="a">gnd1</subfield>
    </datafield>
    <datafield tag="043" ind1=" " ind2=" ">
      <subfield code="c">XA-DE</subfield>
    </datafield>
    <datafield tag="065" ind1=" " ind2=" ">
      <subfield code="a">16.5p</subfield>
      <subfield code="2">sswd</subfield>
    </datafield>
    <datafield tag="075" ind1=" " ind2=" ">
      <subfield code="b">p</subfield>
      <subfield code="2">gndgen</subfield>
    </datafield>
    <datafield tag="075" ind1=" " ind2=" ">
      <subfield code="b">pik</subfield>
      <subfield code="2">gndspec</subfield>
    </datafield>
    <datafield tag="079" ind1=" " ind2=" ">
      <subfield code="a">g</subfield>
      <subfield code="q">a</subfield>
      <subfield code="q">f</subfield>
      <subfield code="q">s</subfield>
    </datafield>
    <datafield tag="100" ind1="0" ind2=" ">
      <subfield code="a">Hedwig Sophie</subfield>
      <subfield code="c">Hessen-Kassel, Landgräfin</subfield>
      <subfield code="d">1623-1683</subfield>
    </datafield>
    <datafield tag="375" ind1=" " ind2=" ">
      <subfield code="a">2</subfield>
      <subfield code="2">iso5218</subfield>
    </datafield>
    <datafield tag="400" ind1="0" ind2=" ">
      <subfield code="a">Hedwig Sophia</subfield>
      <subfield code="c">Hessen-Kassel, Landgräfin</subfield>
      <subfield code="d">1623-1683</subfield>
    </datafield>
    <datafield tag="400" ind1="0" ind2=" ">
      <subfield code="a">Hedwig Sophia</subfield>
      <subfield code="c">Hessen, Landgräfin</subfield>
      <subfield code="d">1623-1683</subfield>
    </datafield>
    <datafield tag="400" ind1="0" ind2=" ">
      <subfield code="a">Hedwig Sofie</subfield>
      <subfield code="c">Hessen-Kassel, Landgräfin</subfield>
      <subfield code="d">1623-1683</subfield>
    </datafield>
    <datafield tag="400" ind1="0" ind2=" ">
      <subfield code="a">Hedwig Sophia</subfield>
      <subfield code="c">Brandenburg, Markgräfin</subfield>
      <subfield code="d">1623-1683</subfield>
    </datafield>
    <datafield tag="400" ind1="0" ind2=" ">
      <subfield code="a">Hedwig Sofie</subfield>
      <subfield code="c">Brandenburg, Markgräfin</subfield>
      <subfield code="d">1623-1683</subfield>
    </datafield>
    <datafield tag="400" ind1="0" ind2=" ">
      <subfield code="a">Hedwig Sophie</subfield>
      <subfield code="c">Brandenburg, Markgräfin</subfield>
      <subfield code="d">1623-1683</subfield>
    </datafield>
    <datafield tag="400" ind1="0" ind2=" ">
      <subfield code="a">Hedwig Sophie</subfield>
      <subfield code="c">Brandenburg, Kurfürstliche Prinzessin</subfield>
      <subfield code="d">1623-1683</subfield>
    </datafield>
    <datafield tag="400" ind1="0" ind2=" ">
      <subfield code="a">Hedwich Sophie</subfield>
      <subfield code="c">Hessen-Kassel, Landgräfin</subfield>
      <subfield code="d">1623-1683</subfield>
    </datafield>
    <datafield tag="500" ind1="0" ind2=" ">
      <subfield code="0">(DE-101)102116156</subfield>
      <subfield code="0">(DE-588)102116156</subfield>
      <subfield code="0">https://d-nb.info/gnd/102116156</subfield>
      <subfield code="a">Georg Wilhelm</subfield>
      <subfield code="c">Brandenburg, Kurfürst</subfield>
      <subfield code="d">1595-1640</subfield>
      <subfield code="4">bezf</subfield>
      <subfield code="4">https://d-nb.info/standards/elementset/gnd#familialRelationship</subfield>
      <subfield code="w">r</subfield>
      <subfield code="i">Beziehung familiaer</subfield>
      <subfield code="e">Beziehung familiaer</subfield>
      <subfield code="9">v:Vater</subfield>
    </datafield>
    <datafield tag="500" ind1="0" ind2=" ">
      <subfield code="0">(DE-101)120100320</subfield>
      <subfield code="0">(DE-588)120100320</subfield>
      <subfield code="0">https://d-nb.info/gnd/120100320</subfield>
      <subfield code="a">Elisabeth Charlotte</subfield>
      <subfield code="c">Brandenburg, Kurfürstin</subfield>
      <subfield code="d">1597-1660</subfield>
      <subfield code="4">bezf</subfield>
      <subfield code="4">https://d-nb.info/standards/elementset/gnd#familialRelationship</subfield>
      <subfield code="w">r</subfield>
      <subfield code="i">Beziehung familiaer</subfield>
      <subfield code="e">Beziehung familiaer</subfield>
      <subfield code="9">v:Mutter</subfield>
    </datafield>
    <datafield tag="500" ind1="0" ind2=" ">
      <subfield code="0">(DE-101)135569893</subfield>
      <subfield code="0">(DE-588)135569893</subfield>
      <subfield code="0">https://d-nb.info/gnd/135569893</subfield>
      <subfield code="a">Louise Charlotte</subfield>
      <subfield code="c">Kurland, Herzogin</subfield>
      <subfield code="d">1617-1676</subfield>
      <subfield code="4">bezf</subfield>
      <subfield code="4">https://d-nb.info/standards/elementset/gnd#familialRelationship</subfield>
      <subfield code="w">r</subfield>
      <subfield code="i">Beziehung familiaer</subfield>
      <subfield code="e">Beziehung familiaer</subfield>
      <subfield code="9">v:Schwester</subfield>
    </datafield>
    <datafield tag="500" ind1="0" ind2=" ">
      <subfield code="0">(DE-101)11853596X</subfield>
      <subfield code="0">(DE-588)11853596X</subfield>
      <subfield code="0">https://d-nb.info/gnd/11853596X</subfield>
      <subfield code="a">Friedrich Wilhelm</subfield>
      <subfield code="c">Brandenburg, Kurfürst</subfield>
      <subfield code="d">1620-1688</subfield>
      <subfield code="4">bezf</subfield>
      <subfield code="4">https://d-nb.info/standards/elementset/gnd#familialRelationship</subfield>
      <subfield code="w">r</subfield>
      <subfield code="i">Beziehung familiaer</subfield>
      <subfield code="e">Beziehung familiaer</subfield>
      <subfield code="9">v:Bruder</subfield>
    </datafield>
    <datafield tag="500" ind1="0" ind2=" ">
      <subfield code="0">(DE-101)136999921</subfield>
      <subfield code="0">(DE-588)136999921</subfield>
      <subfield code="0">https://d-nb.info/gnd/136999921</subfield>
      <subfield code="a">Johann Sigismund</subfield>
      <subfield code="c">Brandenburg, Markgraf</subfield>
      <subfield code="d">1624-1624</subfield>
      <subfield code="4">bezf</subfield>
      <subfield code="4">https://d-nb.info/standards/elementset/gnd#familialRelationship</subfield>
      <subfield code="w">r</subfield>
      <subfield code="i">Beziehung familiaer</subfield>
      <subfield code="e">Beziehung familiaer</subfield>
      <subfield code="9">v:Bruder</subfield>
    </datafield>
    <datafield tag="500" ind1="0" ind2=" ">
      <subfield code="0">(DE-101)102035229</subfield>
      <subfield code="0">(DE-588)102035229</subfield>
      <subfield code="0">https://d-nb.info/gnd/102035229</subfield>
      <subfield code="a">Wilhelm</subfield>
      <subfield code="b">VI.</subfield>
      <subfield code="c">Hessen-Kassel, Landgraf</subfield>
      <subfield code="d">1629-1663</subfield>
      <subfield code="4">bezf</subfield>
      <subfield code="4">https://d-nb.info/standards/elementset/gnd#familialRelationship</subfield>
      <subfield code="w">r</subfield>
      <subfield code="i">Beziehung familiaer</subfield>
      <subfield code="e">Beziehung familiaer</subfield>
      <subfield code="9">v:Ehemann</subfield>
    </datafield>
    <datafield tag="500" ind1="0" ind2=" ">
      <subfield code="0">(DE-101)121096246</subfield>
      <subfield code="0">(DE-588)121096246</subfield>
      <subfield code="0">https://d-nb.info/gnd/121096246</subfield>
      <subfield code="a">Charlotte Amalie</subfield>
      <subfield code="c">Dänemark, Königin</subfield>
      <subfield code="d">1650-1714</subfield>
      <subfield code="4">bezf</subfield>
      <subfield code="4">https://d-nb.info/standards/elementset/gnd#familialRelationship</subfield>
      <subfield code="w">r</subfield>
      <subfield code="i">Beziehung familiaer</subfield>
      <subfield code="e">Beziehung familiaer</subfield>
      <subfield code="9">v:Tochter</subfield>
    </datafield>
    <datafield tag="500" ind1="0" ind2=" ">
      <subfield code="0">(DE-101)120578328</subfield>
      <subfield code="0">(DE-588)120578328</subfield>
      <subfield code="0">https://d-nb.info/gnd/120578328</subfield>
      <subfield code="a">Elisabeth Henriette</subfield>
      <subfield code="c">Brandenburg, Kurprinzessin</subfield>
      <subfield code="d">1661-1683</subfield>
      <subfield code="4">bezf</subfield>
      <subfield code="4">https://d-nb.info/standards/elementset/gnd#familialRelationship</subfield>
      <subfield code="w">r</subfield>
      <subfield code="i">Beziehung familiaer</subfield>
      <subfield code="e">Beziehung familiaer</subfield>
      <subfield code="9">v:Tochter</subfield>
    </datafield>
    <datafield tag="500" ind1="0" ind2=" ">
      <subfield code="0">(DE-101)101102887</subfield>
      <subfield code="0">(DE-588)101102887</subfield>
      <subfield code="0">https://d-nb.info/gnd/101102887</subfield>
      <subfield code="a">Wilhelm</subfield>
      <subfield code="b">VII.</subfield>
      <subfield code="c">Hessen-Kassel, Landgraf</subfield>
      <subfield code="d">1651-1670</subfield>
      <subfield code="4">bezf</subfield>
      <subfield code="4">https://d-nb.info/standards/elementset/gnd#familialRelationship</subfield>
      <subfield code="w">r</subfield>
      <subfield code="i">Beziehung familiaer</subfield>
      <subfield code="e">Beziehung familiaer</subfield>
      <subfield code="9">v:Sohn</subfield>
    </datafield>
    <datafield tag="500" ind1="0" ind2=" ">
      <subfield code="0">(DE-101)118560050</subfield>
      <subfield code="0">(DE-588)118560050</subfield>
      <subfield code="0">https://d-nb.info/gnd/118560050</subfield>
      <subfield code="a">Karl</subfield>
      <subfield code="c">Hessen-Kassel, Landgraf</subfield>
      <subfield code="d">1654-1730</subfield>
      <subfield code="4">bezf</subfield>
      <subfield code="4">https://d-nb.info/standards/elementset/gnd#familialRelationship</subfield>
      <subfield code="w">r</subfield>
      <subfield code="i">Beziehung familiaer</subfield>
      <subfield code="e">Beziehung familiaer</subfield>
      <subfield code="9">v:Sohn</subfield>
    </datafield>
    <datafield tag="500" ind1="0" ind2=" ">
      <subfield code="0">(DE-101)135671140</subfield>
      <subfield code="0">(DE-588)135671140</subfield>
      <subfield code="0">https://d-nb.info/gnd/135671140</subfield>
      <subfield code="a">Philipp</subfield>
      <subfield code="c">Hessen-Philippsthal, Landgraf</subfield>
      <subfield code="d">1655-1721</subfield>
      <subfield code="4">bezf</subfield>
      <subfield code="4">https://d-nb.info/standards/elementset/gnd#familialRelationship</subfield>
      <subfield code="w">r</subfield>
      <subfield code="i">Beziehung familiaer</subfield>
      <subfield code="e">Beziehung familiaer</subfield>
      <subfield code="9">v:Sohn</subfield>
    </datafield>
    <datafield tag="548" ind1=" " ind2=" ">
      <subfield code="a">1623-1683</subfield>
      <subfield code="4">datl</subfield>
      <subfield code="4">https://d-nb.info/standards/elementset/gnd#dateOfBirthAndDeath</subfield>
      <subfield code="w">r</subfield>
      <subfield code="i">Lebensdaten</subfield>
    </datafield>
    <datafield tag="548" ind1=" " ind2=" ">
      <subfield code="a">14.07.1623-26.06.1683</subfield>
      <subfield code="4">datx</subfield>
      <subfield code="4">https://d-nb.info/standards/elementset/gnd#dateOfBirthAndDeath</subfield>
      <subfield code="w">r</subfield>
      <subfield code="i">Exakte Lebensdaten</subfield>
    </datafield>
    <datafield tag="550" ind1=" " ind2=" ">
      <subfield code="0">(DE-101)1147497265</subfield>
      <subfield code="0">(DE-588)1147497265</subfield>
      <subfield code="0">https://d-nb.info/gnd/1147497265</subfield>
      <subfield code="a">Landgräfin</subfield>
      <subfield code="4">berc</subfield>
      <subfield code="4">https://d-nb.info/standards/elementset/gnd#professionOrOccupation</subfield>
      <subfield code="w">r</subfield>
      <subfield code="i">Charakteristischer Beruf</subfield>
    </datafield>
    <datafield tag="551" ind1=" " ind2=" ">
      <subfield code="0">(DE-101)040057283</subfield>
      <subfield code="0">(DE-588)4005728-8</subfield>
      <subfield code="0">https://d-nb.info/gnd/4005728-8</subfield>
      <subfield code="a">Berlin</subfield>
      <subfield code="4">ortg</subfield>
      <subfield code="4">https://d-nb.info/standards/elementset/gnd#placeOfBirth</subfield>
      <subfield code="w">r</subfield>
      <subfield code="i">Geburtsort</subfield>
    </datafield>
    <datafield tag="551" ind1=" " ind2=" ">
      <subfield code="0">(DE-101)04052793X</subfield>
      <subfield code="0">(DE-588)4052793-1</subfield>
      <subfield code="0">https://d-nb.info/gnd/4052793-1</subfield>
      <subfield code="a">Schmalkalden</subfield>
      <subfield code="4">orts</subfield>
      <subfield code="4">https://d-nb.info/standards/elementset/gnd#placeOfDeath</subfield>
      <subfield code="w">r</subfield>
      <subfield code="i">Sterbeort</subfield>
    </datafield>
    <datafield tag="667" ind1=" " ind2=" ">
      <subfield code="a">7</subfield>
    </datafield>
    <datafield tag="667" ind1=" " ind2=" ">
      <subfield code="a">VD-17</subfield>
    </datafield>
    <datafield tag="670" ind1=" " ind2=" ">
      <subfield code="a">ADB unter Wilhelm VI., Landgraf von Hessen-Kassel</subfield>
    </datafield>
    <datafield tag="670" ind1=" " ind2=" ">
      <subfield code="a">Wikipedia</subfield>
      <subfield code="u">https://de.wikipedia.org/w/index.php?title=Hedwig_Sophie_von_Brandenburg&amp;oldid=145465251</subfield>
    </datafield>
    <datafield tag="672" ind1=" " ind2="0">
      <subfield code="a">Wilhelm &lt;Hessen-Kassel, Landgraf, VI.&gt;: Fewer-Ordnung, so Hr Wilhelm, Landgraf zu Hessen *</subfield>
    </datafield>
    <datafield tag="672" ind1=" " ind2="0">
      <subfield code="a">Wilhelm &lt;Hessen-Kassel, Landgraf, VI.&gt;: Fewer-Ordnung ...</subfield>
    </datafield>
    <datafield tag="672" ind1=" " ind2="0">
      <subfield code="a">Glückwüntschendes Willkommen und Freuden-Gedicht. - 1669</subfield>
    </datafield>
    <datafield tag="678" ind1=" " ind2=" ">
      <subfield code="b">Tochter von Kurfürst Georg Wilhelm von Brandenburg; ab 1649 Ehefrau und Witwe von Landgraf Wilhelm VI. von Hessen-Kassel; 1663-1677 Regentin von Hessen-Kassel</subfield>
    </datafield>
    <datafield tag="913" ind1=" " ind2=" ">
      <subfield code="S">pnd</subfield>
      <subfield code="i">5</subfield>
      <subfield code="a">Hedwig Sophie &lt;Hessen-Kassel, Landgräfin&gt;</subfield>
      <subfield code="0">(DE-588a)102324115</subfield>
    </datafield>
  </record>
